<?xml version="1.0" encoding="UTF-8"?><record xmlns="http://www.loc.gov/MARC21/slim" xmlns:cinclude="http://apache.org/cocoon/include/1.0" xmlns:zs="http://www.loc.gov/zing/srw/">
  <leader>00954cz  a2200169n  4500</leader>
  <controlfield tag="001">nb2009031684</controlfield>
  <controlfield tag="003">DLC</controlfield>
  <controlfield tag="005">20100917075002.0</controlfield>
  <controlfield tag="008">091214n| acannaabn          |a ana      </controlfield>
  <datafield tag="010" ind1=" " ind2=" ">
    <subfield code="a">nb2009031684</subfield>
  </datafield>
  <datafield tag="035" ind1=" " ind2=" ">
    <subfield code="a">(Uk)007657312</subfield>
  </datafield>
  <datafield tag="040" ind1=" " ind2=" ">
    <subfield code="a">Uk</subfield>
    <subfield code="b">eng</subfield>
    <subfield code="c">Uk</subfield>
    <subfield code="d">Uk</subfield>
  </datafield>
  <datafield tag="151" ind1=" " ind2=" ">
    <subfield code="a">Kingston Bagpuize (England)</subfield>
  </datafield>
  <datafield tag="551" ind1=" " ind2=" ">
    <subfield code="a">Southmoor (England)</subfield>
  </datafield>
  <datafield tag="670" ind1=" " ind2=" ">
    <subfield code="a">The cultivators, 2007:</subfield>
    <subfield code="b">t.p. verso (Kingston Bagpuize)</subfield>
  </datafield>
  <datafield tag="670" ind1=" " ind2=" ">
    <subfield code="a">Ordnance Survey website, 15 Sept. 2010:</subfield>
    <subfield code="b">place name search (Kingston Bagpuize, Oxfordshire; village)</subfield>
  </datafield>
  <datafield tag="670" ind1=" " ind2=" ">
    <subfield code="a">Wikipedia, 15 Sept. 2010:</subfield>
    <subfield code="b">under Kingston Bagpuize (Kingston Bagpuize is a village in the civil parish of Kingston Bagpuize with Southmoor, Oxfordshire; it was part of Berkshire until the 1974 boundary changes) under Kingston Bagpuize with Southmoor (Kingston Bagpuize with Southmoor is a civil parish in the English county of Oxfordshire; it was formed 1 Apr. 1971 by merging the two villages of Kingston Bagpuize and Southmoor)</subfield>
  </datafield>
</record>